<?xml version='1.0' encoding='UTF-8'?>
<record xmlns="http://www.loc.gov/MARC21/slim">
  <leader>01365cam a2200289Ia 4500</leader>
  <controlfield tag="001">6531035</controlfield>
  <controlfield tag="003">NjP</controlfield>
  <controlfield tag="005">20110422114209.0</controlfield>
  <controlfield tag="008">040603s1946    le a          100 0 ara d</controlfield>
  <datafield tag="024" ind1="7" ind2=" ">
    <subfield code="a">princeton_aco002163</subfield>
    <subfield code="2">local</subfield>
  </datafield>
  <datafield ind1=" " ind2=" " tag="035">
    <subfield code="a">(OCoLC)ocm55537808</subfield>
  </datafield>
  <datafield ind1=" " ind2=" " tag="040">
    <subfield code="a">ZYU</subfield>
    <subfield code="c">ZYU</subfield>
  </datafield>
  <datafield ind1=" " ind2=" " tag="066">
    <subfield code="c">(3</subfield>
  </datafield>
  <datafield ind1=" " ind2=" " tag="035">
    <subfield code="a">(OCoLC)55537808</subfield>
  </datafield>
  <datafield ind1=" " ind2=" " tag="043">
    <subfield code="a">a-le---</subfield>
  </datafield>
  <datafield ind1=" " ind2=" " tag="090">
    <subfield code="a">DS86</subfield>
    <subfield code="b">.M8 1946</subfield>
  </datafield>
  <datafield ind1=" " ind2=" " tag="049">
    <subfield code="a">PULL</subfield>
  </datafield>
  <datafield ind1="2" ind2=" " tag="111">
    <subfield code="6">880-01</subfield>
    <subfield code="a">Muʾtamar al-Waṭanī al-Lubnānī</subfield>
    <subfield code="c">(Beirut :</subfield>
    <subfield code="d">1946)</subfield>
  </datafield>
  <datafield ind1="1" ind2="0" tag="245">
    <subfield code="6">880-02</subfield>
    <subfield code="a">Dhikrá thawrat Tishrīn :</subfield>
    <subfield code="b">yuḥiyihā al-Muʾtamar al-Waṭanī al-Lubnānī : majmūʻat al-khuṭub allatī ulqiyat fī al-ḥaflah al-shaʻbīyah bi-tārīkh 17 Tishrīn al-Thānī sanat 1946.</subfield>
  </datafield>
  <datafield ind1=" " ind2=" " tag="260">
    <subfield code="6">880-03</subfield>
    <subfield code="a">Bayrūt :</subfield>
    <subfield code="b">Maṭābiʻ Ṣādir Rīḥānī,</subfield>
    <subfield code="c">1946.</subfield>
  </datafield>
  <datafield ind1=" " ind2=" " tag="300">
    <subfield code="a">49 p. :</subfield>
    <subfield code="b">ill. ;</subfield>
    <subfield code="c">22 cm.</subfield>
  </datafield>
  <datafield ind1=" " ind2=" " tag="500">
    <subfield code="a">Cover title.</subfield>
  </datafield>
  <datafield ind1=" " ind2="0" tag="651">
    <subfield code="a">Lebanon</subfield>
    <subfield code="x">History</subfield>
    <subfield code="y">1946-</subfield>
  </datafield>
  <datafield ind1=" " ind2="0" tag="651">
    <subfield code="a">Lebanon</subfield>
    <subfield code="x">Politics and government</subfield>
    <subfield code="y">1946-</subfield>
  </datafield>
  <datafield ind1="2" ind2=" " tag="880">
    <subfield code="6">111-01/(3/r</subfield>
    <subfield code="a">مؤتمر الوطني اللبناني</subfield>
  </datafield>
  <datafield ind1="1" ind2="0" tag="880">
    <subfield code="6">245-02/(3/r</subfield>
    <subfield code="a">ذكرى ثورة تشرين :</subfield>
    <subfield code="b">يحييها المؤتمر الوطني اللبناني : مجموعة الخطب التي ألقيت في الحفلة الشعبية بتاريخ ١٧ تشرين الثاني سنة ١٩٤٦.</subfield>
  </datafield>
  <datafield ind1=" " ind2=" " tag="880">
    <subfield code="6">260-03/(3/r</subfield>
    <subfield code="a">بيروت :</subfield>
    <subfield code="b">مطابع صادر ريحاني،</subfield>
    <subfield code="c">١٩٤٦.</subfield>
  </datafield>
  <datafield ind1=" " ind2=" " tag="994">
    <subfield code="a">C0</subfield>
    <subfield code="b">PUL</subfield>
  </datafield>
  <datafield ind1=" " ind2=" " tag="902">
    <subfield code="a">jab</subfield>
    <subfield code="b">r</subfield>
    <subfield code="6">a</subfield>
    <subfield code="7">m</subfield>
    <subfield code="d">v</subfield>
    <subfield code="f">0</subfield>
    <subfield code="e">20110422</subfield>
  </datafield>
  <datafield ind1="0" ind2=" " tag="852">
    <subfield code="0">6502828</subfield>
    <subfield code="b">nec</subfield>
    <subfield code="h">DS86</subfield>
    <subfield code="i">.M8 1946</subfield>
  </datafield>
  <datafield ind1=" " ind2=" " tag="959">
    <subfield code="a">2011-04-22 09:06:57 -0400</subfield>
  </datafield>
</record>
